@online{theoi,
  author = {Aaron Atsma},
  title = {Orion},
  url = {https://www.theoi.com/Gigante/GiganteOrion.html},
  urldate = {2022-11-30}
}